@misc{callofduty,
	title = "{Call of Duty: Modern Warfare 2}",
	author = {{Infinity Ward}},
	year = "2009",
	note = {\href{http://modernwarfare2.infinityward.com}{http://modernwarfare2.infinityward.com}, accessed 2012-04-05},
}

@misc{residentevil5,
	title = "{Resident Evil 5}",
	author = "Capcom",
	year = "2009",
	note ={\href{http://www.residentevil.com/5/}{http://www.residentevil.com/5/}, accessed 2012-04-05},
}

@misc{fifa,
	title = "{FIFA}",
	author = {{Electronic Arts}},
	year = "2011",
	note = {\href{http://www.ea.com/soccer/}{http://www.ea.com/soccer/}, accessed 2012-04-05},
}

@misc{brotherinarms,
	title = "{Brother in Arms: Road to Hill 30}",
	author = {{Gearbox Software}},
	year = "2005",
	note = {\href{http://www.gearboxsoftware.com/games/bia/}{http://www.gearboxsoftware.com/games/bia/}, accessed 2012-04-05},
}

@misc{rainbow6,
	title = "{Tom Clancy's Rainbow Six Vegas 2}",
	author = {{Ubisoft Montreal}},
	year = "2008",
	note = {\href{http://www.ubi.com/US/Games/Info.aspx?pId=6243}{http://www.ubi.com/US/Games/Info.aspx?pId=6243}, accessed 2012-04-05},
}

@misc{lostplanet2,
	title = "{Lost Planet 2}",
	author = "Capcom",
	year = "2010",
	note = {\href{http://www.lostplanet2game.com/}{http://www.lostplanet2game.com/}, accessed 2012-04-05},
}

@misc{bthai,
	title = "{BTHAI}",
	author = "Johan Hagelbäck",
	year = "2011",
	note = {\href{http://code.google.com/p/bthai/}{http://code.google.com/p/bthai/}, accessed 2012-08-12},
}

@misc{bwapi,
	title = "{BWAPI}",
	year = "2011",
	note = {\href{http://code.google.com/p/bwapi/}{http://code.google.com/p/bwapi/}, accessed 2012-09-12},
	key = {BWAPI},
}

@misc{bwta,
	title = "{BWTA}",
	year = "2011",
	note = {\href{http://code.google.com/p/bwta/}{http://code.google.com/p/bwta/}, accessed 2012-09-12},
	key = {BWTA},
}

@book{scKotakuKorea,
	title = "{Why Is StarCraft So Popular in Korea}",
	year = "2010",
	author = "Brian Ashcraft",
	publisher = "Kotaku",
}

@misc{scbw,
	title = "{StarCraft: Brood War}",
	author = {{Blizzard Entertainment}},
	year = "1998",
	note = {\href{http://us.blizzard.com/en-us/games/sc/}{http://us.blizzard.com/en-us/games/sc/}, accessed 2012-04-05},
}

@misc{scmanual,
	title = {{StarCraft Manual}},
	author = {{Blizzard Entertainment}},
	year = 1998,
}

@misc{sc2wol,
	title = "{StarCraft 2: Wings of Liberty}",
	author = {{Blizzard Entertainment}},
	year = "2010",
	note = {\href{http://us.blizzard.com/en-us/games/sc2/}{http://us.blizzard.com/en-us/games/sc2/}, accessed 2012-04-05},
}

@misc{scwiki,
	title = {{Inofficial StarCraft wiki}},
	year = 2012,
	note = {\href{http://starcraft.wikia.com/}{http://starcraft.wikia.com/}, accessed 2012-09-05},
	key = {Inofficial StarCraft wiki},
}

@misc{wc3ft,
	title = "{WarCraft 3: The Frozen Throne}",
	author = {{Blizzard Entertainment}},
	year = "2003",
	note = {\href{http://us.blizzard.com/en-us/games/war3/}{http://us.blizzard.com/en-us/games/war3/}, accessed 2012-04-05},
}

@misc{redalert3,
	title = "{Command \& Conquer: Red Alert 3}",
	author = "{EA Los Angeles}",
	year = "2008",
	note = {\href{http://www.commandandconquer.com/en/games/bygameid/ra3/}{http://www.commandandconquer.com/en/games/bygameid/ra3/}, accessed 2012-04-05},
}

@misc{ageofempires3,
	title = "Age of Empires 3",
	author = "Ensemble Studios",
	year = "2005",
	note = {\href{http://www.ageofempires3.com/}{http://www.ageofempires3.com/}, accessed 2012-04-05},
}

@misc{masseffect,
	title = "{Mass Effect}",
	author = "{BioWare}",
	year = "2007",
	note = {\href{http://masseffect.bioware.com/}{http://masseffect.bioware.com/}, accessed 2012-04-05},
}

@misc{rtsHistory,
	title = {{The Historical RTS List}},
	author = "Lindsay Fleay",
	year = {2012},
	note = {\href{http://www.rakrent.com/rtsc/rtsc\_gameslist2.htm}{http://www.rakrent.com/rtsc/rtsc\_gameslist2.htm}, accessed 2012-04-05},
}

@misc{adams06,
	title = {{The State of the RTS}},
	author = "Dan Adams",
	year = {2006},
	publisher = {IGN},
	note = {\href{http://pc.ign.com/articles/700/700747p1.htm}{http://pc.ign.com/articles/700/700747p1.htm}, accessed 2012-04-06},
}

@misc{springrts,
	title = {Spring Engine},
	year = {2012},
	note = {\href{http://springrts.com}{http://springrts.com}, accessed 2012-04-05},
	key = {Spring Engine}
}

@misc{orts,
	title = {{Open Real-Time Strategy}},
	year = {2010},
	note = {\href{http://skatgame.net/mburo/orts/}{http://skatgame.net/mburo/orts/}, accesses 2012-04-05},
	key = {Open Real-Time Strategy},
}

@misc{wargus,
	title = {Wargus},
	year = {2011},
	note = {\href{http://wargus.sourceforge.net/}{http://wargus.sourceforge.net/}, accesses 2012-04-05},
	key = {Wargus},
}

@misc{endwar,
	title = "Endwar",
	author = "Ubisoft",
	year = "2008",
	note = {\href{http://endwargame.us.ubi.com/}{http://endwargame.us.ubi.com/}, accessed 2012-04-05},
}

@misc{teamliquid,
	title = "{TeamLiquid}",
	year = "2011",
	note = {\href{http://www.teamliquid.net/}{http://www.teamliquid.net/}, accessed 2012-02-16},
}

@misc{day9,
	title = "{Day[9]}",
	author = "Sean Plott",
	note = {\href{http://day9.tv}{http://day9.tv}, accessed 2012-09-15},
}

@misc{scaiide,
	title = {{AIIDE Starcraft AI Competition}},
	publisher = {{AAAI}},
	note = {{\href{http://webdocs.cs.ualberta.ca/~cdavid/starcraftaicomp/index.shtml}{http://webdocs.cs.ualberta.ca/~cdavid/starcraftaicomp/index.shtml}, accessed 2012-04-06}},
	author = {AIIDE Starcraft AI Competition},
}

@misc{sccig,
	title = {{CIG StarCraft RTS AI Competition}},
	publisher = {{CIG}},
	note =
	{{\href{http://ls11-www.cs.uni-dortmund.de/rts-competition/starcraft-cig2011}{http://ls11-www.cs.uni-dortmund.de/rts-competition/starcraft-cig2011}, accessed 2012-04-06}},
	year = 2011,
	key = {CIG StarCraft RTS AI Competition},
}

@mastersthesis{magnusson10,
	title = "{Adaptive Goal Oriented Action Planning for RTS Games}",
	author = "Matteus Magnusson and Tobias Hall",
	year = "2010",
	school = "{Blekinge Tekniska Högskola}",
	type = "B.Sc. thesis",
}

@mastersthesis{jansen07,
	title = "{Player Adaptive Cooperative Artificial Intelligence for RTS Games}",
	author = "T.J.A Jansen",
	year = "2007",
	type = "{B.Sc. thesis}",
	school = "{Universiteit Maastricht}",
}

@mastersthesis{taylor08,
	title = "{Creating Complementary Cooperative Agents Using an Opinion System}",
	author = "Alan Taylor",
	type = "M.Sc thesis",
	year = "2008",
	school = "{University of Dublin, Trinity College}",
}


@inproceedings{mcgee10,
	author = {McGee, Kevin and Abraham, Aswin T.},
	title = "{Real-time team-mate AI in games: a definition, survey, \& critique}",
	booktitle = {Proc FDG 2010},
	year = {2010},
	pages = {124--131},
	publisher = {ACM},
}

@inproceedings{tan07,
	author = "Chek Tien Tan and Ho-Lun Cheng",
	title = "Personality-based Adaptation for Teamwork in Game Agents",
	booktitle = "AIIDE 2007",
	publisher = "AAAI Publications",
	pages = {37-42},
	year = {2007},
}

@inproceedings{simon07,
	author={Bart Simon},
	year={2007},
	publisher={The University of Tokyo},
	pages={165--169},
	title={Human, all too non-Human: Coop AI and the Conversation of Action},
	booktitle={Proc. Situated Play: DiGRA 2007},
}

@inproceedings{abraham10,
	title = "{AI} for dynamic team-mate adaptation in games",
	booktitle = {Proc. IEEE CIG 2010 {IEEE}},
	publisher = {{IEEE}},
	author = {Abraham, Aswin T. and {McGee}, Kevin},
	year = {2010},
	pages = {419--426}
}

@inproceedings{pucheng11,
	title = {Multi-agent cooperation by reinforcement learning with teammate modeling and reward allotment},
	booktitle = {Proc. IEEE FSKD 2011},
	publisher = {{IEEE}},
	author = {Zhou Pucheng and Shen Huiyan},
	year = {2011},
	pages = {1316--19}
}

@inproceedings{kabanza10,
	title = {Opponent behaviour recognition for real-time strategy games},
	booktitle = {{AAAI} Workshops},
	author = {Kabanza, Froduald and Bellefeuille, Philipe and Bisson, Francis and Benaskeur, {Abder
	R.} and Irandoust, Hengameh},
	publisher = "AAAI Publisher",
	year = {2010},
}

@inproceedings{synnaeve11,
	title = {A Bayesian model for opening prediction in {RTS} games with application to {StarCraft}},
	booktitle = {{Proc. IEEE CIG 2011}},
	publisher = {{IEEE}},
	author = {Synnaeve, Gabriel and Bessiere, Pierre},
	year = {2011},
	pages = {281--288}
}

@inproceedings{hagelback09,
	title = {{Measuring player experience on runtime dynamic difficulty scaling in an RTS game}},
	booktitle = {{Proc. IEEE CIG 2009}},
	publisher = {{IEEE}},
	author = {Johan Hagelbäck and Stefan J. Johansson},
	year = {2009},
	pages = {46--52}
}

@inproceedings{schadd07,
	title = {Opponent modeling in real-time strategy games},
	booktitle = {Proc. {GAME-ON} 2007},
	publisher = {{EUROSIS-ETI} Publications},
	author = {Schadd, Frederik and Bakkes, Sander and Spronck, Pieter},
	year = {2007},
	pages = {61--68}
}

@incollection{houlette03,
	title = "{Player Modeling for Adaptive Games}",
	author = "Ryan Houlette",
	booktitle = "AI Game Programming Wisdom 2",
	pages = {557--566},
	year = "2003",
	publisher = "Charles River Media",
}

@INPROCEEDINGS{soni08, 
	author={Soni, Bhuman and Hingston, Philip}, 
	booktitle={Neural Networks, 2008. IJCNN 2008},
	title={Bots trained to play like a human are more fun}, 
	year={2008}, 
	month={june}, 
	pages={363--369}, 
}

@incollection{reynolds03,
	title = "{Team member AI in an FPS}",
	author = "John Reynolds",
	booktitle = "AI Game Programming Wisdom 2",
	pages = {207--215},
	year = "2003",
	publisher = "Charles River Media",
}

@article{metoyer10,
title = "Explaining how to play real-time strategy games",
journal = "Knowledge-Based Systems",
volume = "23",
number = "4",
pages = "295--301",
year = "2010",
author = "Ronald Metoyer and Simone Stumpf and Christoph Neumann and Jonathan Dodge and Jill Cao and Aaron Schnabel",
}

@article{bakkes09,
	title = {Opponent modelling for case-based adaptive game {AI}},
	journal = {Entertainment Computing},
	author = {Bakkes, Sander {C.J.} and Spronck, Pieter {H.M.} and Jaap van den Herik, H.},
	year = {2009},
	pages = {27--37},
	publisher = {Elsevier B.V.},
}

@book{norman07,
	title = "{The Design of Future Things}",
	author = "Donald A. Norman",
	year = "2007",
	publisher = "Basic Books",
}

@book{benyon10,
 	author	= "David Benyon",
 	title		= "Designing Interactive Systems: A comprehensive guide to HCI and interaction design",
 	edition	= "2nd",
 	publisher	= "Addison Wesley",
 	year		= "2010",
}

@book{dawson09,
	author = "Christian W. Dawson",
	title = "{Projects in Computing and Information Systems: A Student's Guide}",
	edition = "2nd",
	publisher = "Addison Wesley",
	year = "2009",
}
